@phdthesis{phd/Greenough76,
  author = {T. Lockman Greenough},
  title  = {Representation and Enumeration of Interval Orders and Semiorders},
  year   = {1976},
  school = {Dartmouth College},
}

@article{Rabinovitch197850,
title = "The dimension of semiorders ",
journal = "Journal of Combinatorial Theory, Series A ",
volume = "25",
number = "1",
pages = "50 - 61",
year = "1978",
note = "",
issn = "0097-3165",
doi = "http://dx.doi.org/10.1016/0097-3165(78)90030-4",
url = "http://www.sciencedirect.com/science/article/pii/0097316578900304",
author = "I Rabinovitch"
}

@inproceedings{DBLP:conf/oopsla/ShachamBASVY11,
  author    = {Ohad Shacham and
               Nathan Grasso Bronson and
               Alex Aiken and
               Mooly Sagiv and
               Martin T. Vechev and
               Eran Yahav},
  title     = {Testing atomicity of composed concurrent operations},
  booktitle = {OOPSLA},
  year      = {2011},
  pages     = {51-64}
}
@proceedings{DBLP:conf/oopsla/2011,
  editor    = {Cristina Videira Lopes and
               Kathleen Fisher},
  title     = {Proceedings of the 26th Annual ACM SIGPLAN Conference on
               Object-Oriented Programming, Systems, Languages, and Applications,
               OOPSLA 2011, part of SPLASH 2011, Portland, OR, USA, October
               22 - 27, 2011},
  booktitle = {OOPSLA},
  publisher = {ACM},
  year      = {2011},
  isbn      = {978-1-4503-0940-0},
  bibsource = {DBLP, http://dblp.uni-trier.de}
}

@inproceedings{DBLP:conf/cav/AmitRRSY07,
  author    = {Daphna Amit and
               Noam Rinetzky and
               Thomas W. Reps and
               Mooly Sagiv and
               Eran Yahav},
  title     = {Comparison Under Abstraction for Verifying Linearizability},
  booktitle = {CAV},
  year      = {2007},
  pages     = {477-490}
}
@proceedings{DBLP:conf/cav/2007,
  editor    = {Werner Damm and
               Holger Hermanns},
  title     = {Computer Aided Verification, 19th International Conference,
               CAV 2007, Berlin, Germany, July 3-7, 2007, Proceedings},
  booktitle = {CAV},
  publisher = {Springer},
  series    = {Lecture Notes in Computer Science},
  volume    = {4590},
  year      = {2007},
  isbn      = {978-3-540-73367-6},
  bibsource = {DBLP, http://dblp.uni-trier.de}
}

@inproceedings{conf/pldi/MusuvathiQ07,
  author    = {Madanlal Musuvathi and
               Shaz Qadeer},
  title     = {Iterative context bounding for systematic testing of multithreaded
               programs},
  booktitle = {PLDI '07},
  publisher = {ACM},
  pages     = {446-455},
  ee        = {http://doi.acm.org/10.1145/1250734.1250785},
  bibsource = {DBLP, http://dblp.uni-trier.de}
}

@inproceedings{conf/spaa/HendlerSY04,
  author    = {Danny Hendler and
               Nir Shavit and
               Lena Yerushalmi},
  title     = {A scalable lock-free stack algorithm},
  booktitle = {SPAA 2004},
  publisher = {ACM},
  pages     = {206-215},
  ee        = {http://doi.acm.org/10.1145/1007912.1007944},
  bibsource = {DBLP, http://dblp.uni-trier.de}
}

@inproceedings{conf/cav/DragoiGH13,
  author    = {Cezara Dragoi and
               Ashutosh Gupta and
               Thomas A. Henzinger},
  title     = {Automatic Linearizability Proofs of Concurrent Objects with
               Cooperating Updates},
  booktitle = {CAV '13},
  publisher = {Springer},
  series    = {LNCS},
  volume    = {8044},
  pages     = {174-190},
  ee        = {http://dx.doi.org/10.1007/978-3-642-39799-8_11},
  bibsource = {DBLP, http://dblp.uni-trier.de}
}

@inproceedings{conf/pldi/LiangF13,
  author    = {Hongjin Liang and
               Xinyu Feng},
  title     = {Modular verification of linearizability with non-fixed linearization
               points},
  booktitle = {PLDI '13},
  publisher = {ACM},
  pages     = {459-470},
  ee        = {http://doi.acm.org/10.1145/2462156.2462189},
  bibsource = {DBLP, http://dblp.uni-trier.de}
}

@inproceedings{conf/esop/HeHS86,
  author    = {Jifeng He and
               C. A. R. Hoare and
               Jeff W. Sanders},
  title     = {Data Refinement Refined},
  booktitle = {ESOP '86},
  publisher = {Springer},
  series    = {LNCS},
  volume    = {213},
  pages     = {187-196},
  ee        = {http://dx.doi.org/10.1007/3-540-16442-1_14},
  bibsource = {DBLP, http://dblp.uni-trier.de}
}

@article{journals/ipl/HoareHS87,
  author    = {C. A. R. Hoare and
               Jifeng He and
               Jeff W. Sanders},
  title     = {Prespecification in Data Refinement},
  journal   = {Inf. Process. Lett.},
  volume    = {25},
  number    = {2},
  year      = {1987},
  pages     = {71-76},
  ee        = {http://dx.doi.org/10.1016/0020-0190(87)90224-9},
  bibsource = {DBLP, http://dblp.uni-trier.de}
}

@article{journals/tcs/Plotkin77,
  author    = {Gordon D. Plotkin},
  title     = {LCF Considered as a Programming Language},
  journal   = {Theor. Comput. Sci.},
  volume    = {5},
  number    = {3},
  year      = {1977},
  pages     = {223-255},
  ee        = {http://dx.doi.org/10.1016/0304-3975(77)90044-5},
  bibsource = {DBLP, http://dblp.uni-trier.de}
}

@inproceedings{conf/tacas/QadeerR05,
  author    = {Shaz Qadeer and
               Jakob Rehof},
  title     = {Context-Bounded Model Checking of Concurrent Software},
  booktitle = {TACAS '05},
  series    = {LNCS},
  volume    = {3440},
  pages     = {93-107},
  ee        = {http://dx.doi.org/10.1007/978-3-540-31980-1_7},
  bibsource = {DBLP, http://dblp.uni-trier.de}
}

@inproceedings{conf/esop/BouajjaniEEH13,
  author    = {Ahmed Bouajjani and
               Michael Emmi and
               Constantin Enea and
               Jad Hamza},
  title     = {Verifying Concurrent Programs against Sequential Specifications},
  booktitle = {ESOP '13},
  publisher = {Springer},
  series    = {LNCS},
  volume    = {7792},
  pages     = {290-309},
}


%%% Supplementary materials
@techreport{tr/hal/BouajjaniEEH13,
  author    = {Ahmed Bouajjani and
               Michael Emmi and
               Constantin Enea and
               Jad Hamza},
  title     = {Verifying Concurrent Programs Against Sequential Specifications},
  month     = {January},
  year      = {2013},
}
# note   = {\url{http://www.liafa.univ-paris-diderot.fr/~mje/popl13-supplement/}}

%%% Definition of Sequential Consistency (SC)
@article{journals/tc/Lamport79,
  author    = {Leslie Lamport},
  title     = {How to Make a Multiprocessor Computer That Correctly Executes
               Multiprocess Programs},
  journal   = {IEEE Trans. Computers},
  volume    = {28},
  number    = {9},
  year      = {1979},
  pages     = {690-691},
  ee        = {http://doi.ieeecomputersociety.org/10.1109/TC.1979.1675439},
  bibsource = {DBLP, http://dblp.uni-trier.de}
}

%%% Definition of Serailizability
@article{journals/jacm/Papadimitriou79b,
  author    = {Christos H. Papadimitriou},
  title     = {The serializability of concurrent database updates},
  journal   = {J. ACM},
  volume    = {26},
  number    = {4},
  year      = {1979},
  pages     = {631-653},
  ee        = {http://doi.acm.org/10.1145/322154.322158},
  bibsource = {DBLP, http://dblp.uni-trier.de}
}

%%% Definition of Linearizability
@article{journals/toplas/HerlihyW90,
  author    = {Maurice Herlihy and
               Jeannette M. Wing},
  title     = {Linearizability: A Correctness Condition for Concurrent
               Objects},
  journal   = {ACM Trans. Program. Lang. Syst.},
  volume    = {12},
  number    = {3},
  year      = {1990},
  pages     = {463-492},
  ee        = {http://doi.acm.org/10.1145/78969.78972},
  bibsource = {DBLP, http://dblp.uni-trier.de}
}

%%% Theoretical results

%%% Complexity of checking SC & LIN for traces
@article{journals/siamcomp/GibbonsK97,
  author    = {Phillip B. Gibbons and
               Ephraim Korach},
  title     = {Testing Shared Memories},
  journal   = {SIAM J. Comput.},
  volume    = {26},
  number    = {4},
  year      = {1997},
  pages     = {1208-1244},
  ee        = {http://dx.doi.org/10.1137/S0097539794279614},
  bibsource = {DBLP, http://dblp.uni-trier.de}
}

%%% Complexity of checking SC, LIN, SER for finite-state systems
@article{journals/iandc/AlurMP00,
  author    = {Rajeev Alur and
               Kenneth L. McMillan and
               Doron Peled},
  title     = {Model-Checking of Correctness Conditions for Concurrent
               Objects},
  journal   = {Inf. Comput.},
  volume    = {160},
  number    = {1-2},
  year      = {2000},
  pages     = {167-188},
  ee        = {http://dx.doi.org/10.1006/inco.1999.2847},
  bibsource = {DBLP, http://dblp.uni-trier.de}
}

@inproceedings{conf/concur/BouajjaniH96,
  author    = {Ahmed Bouajjani and
               Peter Habermehl},
  title     = {Constrained Properties, Semilinear Systems, and Petri Nets},
  booktitle = {CONCUR '96: Proc. 7th Intl. Conf. on Concurrency Theory},
  publisher = {Springer},
  series    = {LNCS},
  volume    = {1119},
  year      = {1996},
  pages     = {481-497},
  ee        = {http://dx.doi.org/10.1007/3-540-61604-7_71},
  bibsource = {DBLP, http://dblp.uni-trier.de}
}

%%% Characterization of serializability with conflict-graphs

@article{journals/csur/BernsteinG81,
  author    = {Philip A. Bernstein and
               Nathan Goodman},
  title     = {Concurrency Control in Distributed Database Systems},
  journal   = {ACM Comput. Surv.},
  volume    = {13},
  number    = {2},
  year      = {1981},
  pages     = {185-221},
  ee        = {http://doi.acm.org/10.1145/356842.356846},
  bibsource = {DBLP, http://dblp.uni-trier.de}
}


@techreport{tr/ibm/Michael04,
  author = {Maged M. Michael},
  title  = {{ABA} Prevention Using Single-Word Instructions},
  institution = {IBM Thomas J. Watson Research Center},
  number = {RC 23089},
  month  = {January},
  year   = {2004}
}

%%% Sequential consistency checking

@inproceedings{conf/cav/HenzingerQR99a,
  author    = {Thomas A. Henzinger and
               Shaz Qadeer and
               Sriram K. Rajamani},
  title     = {Verifying Sequential Consistency on Shared-Memory Multiprocessor
               Systems},
  booktitle = {CAV '99: Proc. 11th Intl. Conf. on Computer Aided Verification},
  publisher = {Springer},
  series    = {LNCS},
  volume    = {1633},
  year      = {1999},
  pages     = {301-315},
  ee        = {http://dx.doi.org/10.1007/3-540-48683-6_27},
  bibsource = {DBLP, http://dblp.uni-trier.de}
}

@article{journals/tpds/Qadeer03,
  author    = {Shaz Qadeer},
  title     = {Verifying Sequential Consistency on Shared-Memory Multiprocessors
               by Model Checking},
  journal   = {IEEE Trans. Parallel Distrib. Syst.},
  volume    = {14},
  number    = {8},
  year      = {2003},
  pages     = {730-741},
  ee        = {http://doi.ieeecomputersociety.org/10.1109/TPDS.2003.1225053},
  bibsource = {DBLP, http://dblp.uni-trier.de}
}

@inproceedings{conf/cav/BinghamCHQZ04,
  author    = {Jesse D. Bingham and
               Anne Condon and
               Alan J. Hu and
               Shaz Qadeer and
               Zhichuan Zhang},
  title     = {Automatic Verification of Sequential Consistency for Unbounded
               Addresses and Data Values},
  booktitle = {CAV '04: Proc. 16th Intl. Conf. on Computer Aided 
                Verification},
  publisher = {Springer},
  series    = {LNCS},
  volume    = {3114},
  year      = {2004},
  pages     = {427-439},
  ee        = {http://dx.doi.org/10.1007/978-3-540-27813-9_33},
  bibsource = {DBLP, http://dblp.uni-trier.de}
}

@phdthesis{thesis/phd/Bingham05,
  author    = {Jesse Bingham},
  title     = {Model Checking Sequential Consistency and Parameterized 
                Protocols},
  school    = {The University of British Columbia},
  month     = {August},
  year      = {2005},
}

@inproceedings{conf/pldi/BurckhardtAM07,
  author    = {Sebastian Burckhardt and
               Rajeev Alur and
               Milo M. K. Martin},
  title     = {{CheckFence}: checking consistency of concurrent data types
               on relaxed memory models},
  booktitle = {PLDI 07: Proc. ACM SIGPLAN 2007 Conf. on Programming
                              Language Design and Implementation},
  publisher = {ACM},
  year      = {2007},
  pages     = {12-21},
  ee        = {http://doi.acm.org/10.1145/1250734.1250737},
  bibsource = {DBLP, http://dblp.uni-trier.de}
}

%%% Serializability checkers

@inproceedings{conf/fmcad/CohenOPTZ07,
  author    = {Ariel Cohen and
               John W. O'Leary and
               Amir Pnueli and
               Mark R. Tuttle and
               Lenore D. Zuck},
  title     = {Verifying Correctness of Transactional Memories},
  booktitle = {FMCAD 07: Proc. 7th Intl.
                 Conf. on Formal Methods in Computer-Aided Design},
  publisher = {IEEE Computer Society},
  year      = {2007},
  pages     = {37-44},
  ee        = {http://doi.ieeecomputersociety.org/10.1109/FMCAD.2007.39},
  bibsource = {DBLP, http://dblp.uni-trier.de}
}

@inproceedings{conf/cav/CohenPZ08,
  author    = {Ariel Cohen and
               Amir Pnueli and
               Lenore D. Zuck},
  title     = {Mechanical Verification of Transactional Memories with Non-transactional
               Memory Accesses},
  booktitle = {CAV '08: Proc. 20th Intl. Conf. on Computer Aided Verification},
  publisher = {Springer},
  series    = {LNCS},
  volume    = {5123},
  year      = {2008},
  pages     = {121-134},
  ee        = {http://dx.doi.org/10.1007/978-3-540-70545-1_13},
  bibsource = {DBLP, http://dblp.uni-trier.de}
}

@techreport{tr/msr/Tasiran08,
  author = {Serdar Ta\c{s}{\i}ran},
  title  = {A compositional method for verifying software transactional memory implementations},
  institution = {Microsoft Research},
  number = {MSR-TR-2008-56},
  month  = {April},
  year   = {2008}
}

@inproceedings{conf/cav/FarzanM08,
  author    = {Azadeh Farzan and
               P. Madhusudan},
  title     = {Monitoring Atomicity in Concurrent Programs},
  booktitle = {CAV '08: Proc. 20th Intl. Conf. on Computer Aided Verification},
  publisher = {Springer},
  series    = {LNCS},
  volume    = {5123},
  year      = {2008},
  pages     = {52-65},
  ee        = {http://dx.doi.org/10.1007/978-3-540-70545-1_8},
  bibsource = {DBLP, http://dblp.uni-trier.de}
}

@inproceedings{conf/tacas/FarzanM09,
  author    = {Azadeh Farzan and
               P. Madhusudan},
  title     = {The Complexity of Predicting Atomicity Violations},
  booktitle = {TACAS '09: Proc. 15th Intl. Conf. on Tools and Algorithms for the Construction and Analysis of
                 Systems},
  publisher = {Springer},
  series    = {LNCS},
  volume    = {5505},
  year      = {2009},
  pages     = {155-169},
  ee        = {http://dx.doi.org/10.1007/978-3-642-00768-2_14},
  bibsource = {DBLP, http://dblp.uni-trier.de}
}

@inproceedings{conf/transact/DragojevicGK08,
  author  = {Aleksandar Dragojevi\'c and 
             Rachid Guerraoui and 
             Michal Kapalka},
  title = {Dividing Transactional Memories by Zero},
  booktitle	= {TRANSACT '08: Proc. 3rd ACM SIGPLAN Workshop on Transactional
                  Computing},
  publisher = {ACM},
  year = {2008},
}

@inproceedings{conf/pldi/GuerraouiHJS08,
  author    = {Rachid Guerraoui and
               Thomas A. Henzinger and
               Barbara Jobstmann and
               Vasu Singh},
  title     = {Model checking transactional memories},
  booktitle = {PLDI '08: Proc. ACM SIGPLAN 2008 Conf. on Programming
                 Language Design and Implementation},
  publisher = {ACM},
  year      = {2008},
  pages     = {372-382},
  ee        = {http://doi.acm.org/10.1145/1375581.1375626},
  bibsource = {DBLP, http://dblp.uni-trier.de}
}

@inproceedings{conf/concur/GuerraouiHS08,
  author    = {Rachid Guerraoui and
               Thomas A. Henzinger and
               Vasu Singh},
  title     = {Completeness and Nondeterminism in Model Checking Transactional
               Memories},
  booktitle = {CONCUR '08: Proc. 19th Intl. Conf. on Concurrency Theory},
  publisher = {Springer},
  series    = {LNCS},
  volume    = {5201},
  year      = {2008},
  pages     = {21-35},
  ee        = {http://dx.doi.org/10.1007/978-3-540-85361-9_6},
  bibsource = {DBLP, http://dblp.uni-trier.de}
}

@article{journals/dc/GuerraouiHS10,
  author    = {Rachid Guerraoui and
               Thomas A. Henzinger and
               Vasu Singh},
  title     = {Model checking transactional memories},
  journal   = {Distributed Computing},
  volume    = {22},
  number    = {3},
  year      = {2010},
  pages     = {129-145},
  ee        = {http://dx.doi.org/10.1007/s00446-009-0092-6},
  bibsource = {DBLP, http://dblp.uni-trier.de}
}

@article{journals/fmsd/GuerraouiHS11,
  author    = {Rachid Guerraoui and
               Thomas A. Henzinger and
               Vasu Singh},
  title     = {Verification of STM on relaxed memory models},
  journal   = {Formal Methods in System Design},
  volume    = {39},
  number    = {3},
  year      = {2011},
  pages     = {297-331},
  ee        = {http://dx.doi.org/10.1007/s10703-011-0131-3},
  bibsource = {DBLP, http://dblp.uni-trier.de}
}

@inproceedings{conf/pldi/EmmiMM10,
  author    = {Michael Emmi and
               Rupak Majumdar and
               Roman Manevich},
  title     = {Parameterized verification of transactional memories},
  booktitle = {PLDI '10: Proc. 2010 ACM SIGPLAN Conf. on Programming
                 Language Design and Implementation},
  publisher = {ACM},
  year      = {2010},
  pages     = {134-145},
  ee        = {http://doi.acm.org/10.1145/1806596.1806613},
  bibsource = {DBLP, http://dblp.uni-trier.de}
}


%%% Linearizability checkers

@inproceedings{conf/ppopp/WangS05,
  author    = {Liqiang Wang and
               Scott D. Stoller},
  title     = {Static analysis of atomicity for programs with non-blocking
               synchronization},
  booktitle = {PPOPP '05: Proc. ACM SIGPLAN Symp. on Principles and
			               Practice of Parallel Programming},
  publisher = {ACM},
  year      = {2005},
  pages     = {61-71},
  ee        = {http://doi.acm.org/10.1145/1065944.1065953},
  bibsource = {DBLP, http://dblp.uni-trier.de}
}

@inproceedings{conf/ppopp/VafeiadisHHS06,
  author    = {Viktor Vafeiadis and
               Maurice Herlihy and
               Tony Hoare and
               Marc Shapiro},
  title     = {Proving correctness of highly-concurrent linearisable objects},
  booktitle = {PPOPP '06},
  publisher = {ACM},
  pages     = {129-136},
  ee        = {http://doi.acm.org/10.1145/1122971.1122992},
  bibsource = {DBLP, http://dblp.uni-trier.de}
}

@article{journals/tcs/FilipovicORY10,
  author    = {Ivana Filipovic and
               Peter W. O'Hearn and
               Noam Rinetzky and
               Hongseok Yang},
  title     = {Abstraction for concurrent objects},
  journal   = {Theor. Comput. Sci.},
  volume    = {411},
  number    = {51-52},
  year      = {2010},
  pages     = {4379-4398},
  ee        = {http://dx.doi.org/10.1016/j.tcs.2010.09.021},
  bibsource = {DBLP, http://dblp.uni-trier.de}
}

@inproceedings{conf/cav/AmitRRSY07,
  author    = {Daphna Amit and
               Noam Rinetzky and
               Thomas W. Reps and
               Mooly Sagiv and
               Eran Yahav},
  title     = {Comparison Under Abstraction for Verifying Linearizability},
  booktitle = {CAV '07: Proc. 19th Intl. Conf. on Computer Aided Verification},
  publisher = {Springer},
  series    = {LNCS},
  volume    = {4590},
  year      = {2007},
  pages     = {477-490},
  ee        = {http://dx.doi.org/10.1007/978-3-540-73368-3_49},
  bibsource = {DBLP, http://dblp.uni-trier.de}
}

@inproceedings{conf/pldi/VechevY08,
  author    = {Martin T. Vechev and
               Eran Yahav},
  title     = {Deriving linearizable fine-grained concurrent objects},
  booktitle = {PLDI '08: Proc. ACM SIGPLAN 2008 Conf. on Programming
               Language Design and Implementation},
  publisher = {ACM},
  year      = {2008},
  pages     = {125-135},
  ee        = {http://doi.acm.org/10.1145/1375581.1375598},
  bibsource = {DBLP, http://dblp.uni-trier.de}
}

@inproceedings{conf/cav/BerdineLMRS08,
  author    = {Josh Berdine and
               Tal Lev-Ami and
               Roman Manevich and
               G. Ramalingam and
               Shmuel Sagiv},
  title     = {Thread Quantification for Concurrent Shape Analysis},
  booktitle = {CAV '08: Proc. 20th Intl. Conf. on Computer Aided Verification},
  publisher = {Springer},
  series    = {LNCS},
  volume    = {5123},
  year      = {2008},
  pages     = {399-413},
  ee        = {http://dx.doi.org/10.1007/978-3-540-70545-1_37},
  bibsource = {DBLP, http://dblp.uni-trier.de}
}

@inproceedings{conf/sas/ManevichLSRB08,
  author    = {Roman Manevich and
               Tal Lev-Ami and
               Mooly Sagiv and
               Ganesan Ramalingam and
               Josh Berdine},
  title     = {Heap Decomposition for Concurrent Shape Analysis},
  booktitle = {SAS '08: Proc. 15th Intl. Symp. on Static Analysis},
  publisher = {Springer},
  series    = {LNCS},
  volume    = {5079},
  year      = {2008},
  pages     = {363-377},
  ee        = {http://dx.doi.org/10.1007/978-3-540-69166-2_24},
  bibsource = {DBLP, http://dblp.uni-trier.de}
}

@inproceedings{conf/vmcai/Vafeiadis09,
  author    = {Viktor Vafeiadis},
  title     = {Shape-Value Abstraction for Verifying Linearizability},
  booktitle = {VMCAI '09: Proc. 10th Intl. Conf. on Verification, Model Checking, and Abstract Interpretation},
  publisher = {Springer},
  series    = {LNCS},
  volume    = {5403},
  year      = {2009},
  pages     = {335-348},
  ee        = {http://dx.doi.org/10.1007/978-3-540-93900-9_27},
  bibsource = {DBLP, http://dblp.uni-trier.de}
}

@inproceedings{conf/fm/LiuCLS09,
  author    = {Yang Liu and
               Wei Chen and
               Yanhong A. Liu and
               Jun Sun},
  title     = {Model Checking Linearizability via Refinement},
  booktitle = {FM '09},
  series    = {LNCS},
  volume    = {5850},
  pages     = {321-337},
  ee        = {http://dx.doi.org/10.1007/978-3-642-05089-3_21},
  bibsource = {DBLP, http://dblp.uni-trier.de}
}


@inproceedings{conf/spin/VechevYY09,
  author    = {Martin T. Vechev and
               Eran Yahav and
               Greta Yorsh},
  title     = {Experience with Model Checking Linearizability},
  booktitle = {SPIN '09: Proc. 16th Intl. SPIN Workshop on Model Checking Software},
  publisher = {Springer},
  series    = {LNCS},
  volume    = {5578},
  year      = {2009},
  pages     = {261-278},
  ee        = {http://dx.doi.org/10.1007/978-3-642-02652-2_21},
  bibsource = {DBLP, http://dblp.uni-trier.de}
}

@inproceedings{conf/tacas/ElmasQSST10,
  author    = {Tayfun Elmas and
               Shaz Qadeer and
               Ali Sezgin and
               Omer Subasi and
               Serdar Ta\c{s}{\i}ran},
  title     = {Simplifying Linearizability Proofs with Reduction and Abstraction},
  booktitle = {TACAS '10: Proc. 16th Intl. Conf. on Tools and Algorithms for the Construction and Analysis of
               Systems},
  publisher = {Springer},
  series    = {LNCS},
  volume    = {6015},
  year      = {2010},
  pages     = {296-311},
  ee        = {http://dx.doi.org/10.1007/978-3-642-12002-2_25},
  bibsource = {DBLP, http://dblp.uni-trier.de}
}

@inproceedings{conf/podc/OHearnRVYY10,
  author    = {Peter W. O'Hearn and
               Noam Rinetzky and
               Martin T. Vechev and
               Eran Yahav and
               Greta Yorsh},
  title     = {Verifying linearizability with hindsight},
  booktitle = {PODC '10},
  publisher = {ACM},
  pages     = {85-94},
  ee        = {http://doi.acm.org/10.1145/1835698.1835722},
  bibsource = {DBLP, http://dblp.uni-trier.de}
}

@inproceedings{conf/pldi/BurckhardtDMT10,
  author    = {Sebastian Burckhardt and
               Chris Dern and
               Madanlal Musuvathi and
               Roy Tan},
  title     = {Line-up: a complete and automatic linearizability checker},
  booktitle = {PLDI '10},
  publisher = {ACM},
  pages     = {330-340},
  ee        = {http://doi.acm.org/10.1145/1806596.1806634},
  bibsource = {DBLP, http://dblp.uni-trier.de}
}

@inproceedings{conf/cav/Vafeiadis10,
  author    = {Viktor Vafeiadis},
  title     = {Automatically Proving Linearizability},
  booktitle = {CAV '10},
  series    = {LNCS},
  volume    = {6174},
  pages     = {450-464},
  ee        = {http://dx.doi.org/10.1007/978-3-642-14295-6_40},
  bibsource = {DBLP, http://dblp.uni-trier.de}
}

@inproceedings{conf/asplos/BurnimNS11,
  author    = {Jacob Burnim and
               George C. Necula and
               Koushik Sen},
  title     = {Specifying and checking semantic atomicity for multithreaded
               programs},
  booktitle = {ASPLOS '11: Proc. 16th Intl. Conf. on 
			Architectural Support for Programming Languages and Operating 
			Systems},
  publisher = {ACM},
  year      = {2011},
  pages     = {79-90},
  ee        = {http://doi.acm.org/10.1145/1950365.1950377},
  bibsource = {DBLP, http://dblp.uni-trier.de}
}

@inproceedings{conf/icse/Zhang11a,
  author    = {Shao Jie Zhang},
  title     = {Scalable automatic linearizability checking},
  booktitle = {ICSE '11},
  publisher = {ACM},
  pages     = {1185-1187},
  ee        = {http://doi.acm.org/10.1145/1985793.1986037},
  bibsource = {DBLP, http://dblp.uni-trier.de}
}

@inproceedings{conf/esop/BurckhardtGMY12,
  author    = {Sebastian Burckhardt and
               Alexey Gotsman and
               Madanlal Musuvathi and
               Hongseok Yang},
  title     = {Concurrent Library Correctness on the {TSO} Memory Model},
  booktitle = {ESOP '12: Proc. 21st European Symp.
               on Programming},
  publisher = {Springer},
  series    = {LNCS},
  volume    = {7211},
  year      = {2012},
  pages     = {87-107},
  ee        = {http://dx.doi.org/10.1007/978-3-642-28869-2_5},
  bibsource = {DBLP, http://dblp.uni-trier.de}
}

@inproceedings{conf/concur/GotsmanY12,
  author    = {Alexey Gotsman and
               Hongseok Yang},
  title     = {Linearizability with Ownership Transfer},
  booktitle = {CONCUR '12: Proc. 23rd Intl. Conf. on Concurrency Theory},
  publisher = {Springer},
  series    = {LNCS},
  year      = {2012},
}

%%% Other stuff

% Delay-bounding
@inproceedings{conf/popl/EmmiQR11,
  author    = {Michael Emmi and
               Shaz Qadeer and
               Zvonimir Rakamaric},
  title     = {Delay-bounded scheduling},
  booktitle = {POPL '11},
  publisher = {ACM},
  pages     = {411-422},
  ee        = {http://doi.acm.org/10.1145/1926385.1926432},
  bibsource = {DBLP, http://dblp.uni-trier.de}
}

@article{journals/fmsd/LalR09,
  author    = {Akash Lal and
               Thomas W. Reps},
  title     = {Reducing concurrent analysis under a context bound to sequential
               analysis},
  journal   = {Formal Methods in System Design},
  volume    = {35},
  number    = {1},
  year      = {2009},
  pages     = {73-97}
}

% Boogie
@misc{misc/BarnettLMS,
  author = {Mike Barnett and
            K. Rustan M. Leino and
            Michal Moskal and
            Wolfram Schulte},
  title  = {Boogie: An Intermediate Verification Language},
  note   = {\url{http://research.microsoft.com/en-us/projects/boogie/}}
}

@inproceedings{conf/cav/LalQL12,
  author    = {Akash Lal and
               Shaz Qadeer and
               Shuvendu K. Lahiri},
  title     = {A Solver for Reachability Modulo Theories},
  booktitle = {CAV '12},
  series    = {LNCS},
  volume    = {7358},
  pages     = {427-443},
  ee        = {http://dx.doi.org/10.1007/978-3-642-31424-7_32},
  bibsource = {DBLP, http://dblp.uni-trier.de}
}

% Predicate abstraction
@inproceedings{conf/cav/GrafS97,
  author    = {Susanne Graf and
               Hassen Sa\"{\i}di},
  title     = {Construction of Abstract State Graphs with {PVS}},
  booktitle = {CAV '97: Proc. 9th Intl. Conf. on Computer Aided Verification},
  publisher = {Springer},
  series    = {LNCS},
  year      = {1997},
  volume    = {1254},
  pages     = {72-83},
  ee        = {http://dx.doi.org/10.1007/3-540-63166-6_10},
  bibsource = {DBLP, http://dblp.uni-trier.de}
}